@book{puterman2014markov,
  title={Markov decision processes: discrete stochastic dynamic programming},
  author={Puterman, Martin L},
  year={2014},
  publisher={John Wiley \& Sons}
}

@manual{risk1959,
  title        = {Risk: The Classic World Domination Game},
  author       = {{Parker Brothers}},
  year         = {1993},
  organization    = {Tonka Corporation},
  url          = {https://www.hasbro.com/common/instruct/risk.pdf}
}

@misc{chollet2015keras,
  title={Keras},
  author={Chollet, Fran\c{c}ois and others},
  year={2015},
  howpublished={\url{https://keras.io}},
}

@inproceedings{van2016deep,
  title={Deep reinforcement learning with double q-learning},
  author={Van Hasselt, Hado and Guez, Arthur and Silver, David},
  booktitle={Proceedings of the AAAI conference on artificial intelligence},
  volume={30(1)},
  year={2016}
}

@book{sun_tzu_art_of_war_132,
  title        = {The Art of War},
  author       = {Sun Tzu},
  translator   = {Lionel Giles},
  year         = {1998},
  publisher    = {Project Gutenberg},
}

@article{towers2024gymnasium,
  title={Gymnasium: A Standard Interface for Reinforcement Learning Environments},
  author={Towers, Mark and Kwiatkowski, Ariel and Terry, Jordan and Balis, John U and De Cola, Gianluca and Deleu, Tristan and Goul{\~a}o, Manuel and Kallinteris, Andreas and Krimmel, Markus and KG, Arjun and others},
  journal={arXiv preprint arXiv:2407.17032},
  year={2024}
}