@book{puterman2014markov,
  title={Markov decision processes: discrete stochastic dynamic programming},
  author={Puterman, Martin L},
  year={2014},
  publisher={John Wiley \& Sons}
}

@manual{risk1959,
  title        = {Risk: The Classic World Domination Game},
  author       = {Parker Brothers},
  year         = {1993},
}

@techreport{KepplerChoi2000Risk,
  title        = {{CS 473 - An Intelligent Agent for Risk}},
  author       = {David Keppler and Edward Choi},
  year         = {2000},
  institution  = {Cornell University},
}

@article{tan1997markov,
  title={Markov chains and the RISK board game},
  author={Tan, Bari{\c{s}}},
  journal={Mathematics Magazine},
  volume={70},
  number={5},
  pages={349--357},
  year={1997},
  publisher={Taylor \& Francis}
}

@book{sutton1998reinforcement,
  title={Reinforcement learning: An introduction},
  author={Sutton, Richard S and Barto, Andrew G and others},
  volume={1},
  number={1},
  year={1998},
  publisher={MIT press Cambridge}
}

@article{mnih2015human,
  title={Human-level control through deep reinforcement learning},
  author={Mnih, Volodymyr and Kavukcuoglu, Koray and Silver, David and Rusu, Andrei A and Veness, Joel and Bellemare, Marc G and Graves, Alex and Riedmiller, Martin and Fidjeland, Andreas K and Ostrovski, Georg and others},
  journal={nature},
  volume={518},
  number={7540},
  pages={529--533},
  year={2015},
  publisher={Nature Publishing Group}
}

@inproceedings{van2016deep,
  title={Deep reinforcement learning with double q-learning},
  author={Van Hasselt, Hado and Guez, Arthur and Silver, David},
  booktitle={Proceedings of the AAAI conference on artificial intelligence},
  volume={30},
  number={1},
  year={2016}
}

@article{towers2024gymnasium,
  title={Gymnasium: A Standard Interface for Reinforcement Learning Environments},
  author={Towers, Mark and Kwiatkowski, Ariel and Terry, Jordan and Balis, John U and De Cola, Gianluca and Deleu, Tristan and Goul{\~a}o, Manuel and Kallinteris, Andreas and Krimmel, Markus and KG, Arjun and others},
  journal={arXiv preprint arXiv:2407.17032},
  year={2024}
}

@misc{chollet2015keras,
  title={Keras},
  author={Chollet, Fran\c{c}ois and others},
  year={2015},
}

@manual{tensorflow2015,
  title        = {{TensorFlow:} Large-Scale Machine Learning on Heterogeneous Systems},
  author       = {Martín Abadi et al.},
  organization = {TensorFlow Development Team},
  year         = {2015},
}

@article{watkins1992qlearning,
  title        = {Q-learning},
  author       = {Watkins, Christopher J. C. H. and Dayan, Peter},
  journal      = {Machine Learning},
  volume       = {8},
  number       = {3-4},
  pages        = {279--292},
  year         = {1992},
  publisher    = {Springer}
}

@article{lukin2020survey,
  title   = {A Survey of Reinforcement Learning in Board Games: From Perfect‐Information to Stochastic Domains},
  author  = {Lukin, Alex and Johansson, Peter and Zhao, Ming},
  journal = {ACM Computing Surveys},
  volume  = {53},
  number  = {5},
  pages   = {1--36},
  year    = {2021},
  publisher = {ACM}
}

@article{silver2017mastering,
  title   = {Mastering Chess and Shogi by Self‐Play with a General Reinforcement Learning Algorithm},
  author  = {Silver, David and Schrittwieser, Julian and Simonyan, Karen and Antonoglou, Ioannis and Huang, Aja and Guez, Arthur and ... and Hassabis, Demis},
  journal = {Science},
  volume  = {362},
  number  = {6419},
  pages   = {1140--1144},
  year    = {2018},
  publisher = {American Association for the Advancement of Science}
}

@misc{pfeiffer2004reinforcement,
  title={Reinforcement learning of strategies for Settlers of Catan},
  author={Pfeiffer, Michael},
  booktitle={Proceedings of the International Conference on Computer Games: Artificial Intelligence, Design and Education},
  year={2004}
}